%=======================================================================
% biblio-varrette.bib -- my personnal BibTeX entries
%
% Copyright (c) 2004-2011 Sebastien Varrette <Sebastien.Varrette@uni.lu>
%               http://varrette.gforge.uni.lu
%
%  ____  _ _     _ _         ______     __                  _   _       
% | __ )(_) |__ | (_) ___   / ___\ \   / /_ _ _ __ _ __ ___| |_| |_ ___ 
% |  _ \| | '_ \| | |/ _ \  \___ \\ \ / / _` | '__| '__/ _ \ __| __/ _ \
% | |_) | | |_) | | | (_) |  ___) |\ V / (_| | |  | | |  __/ |_| ||  __/
% |____/|_|_.__/|_|_|\___/  |____(_)\_/ \__,_|_|  |_|  \___|\__|\__\___|
%
% More information on BibTeX: http://www.bibtex.org/
%=======================================================================

%%%%%%%%%%%%%%%%%%%%%%%%%%%%%%%%%%%%%%%%%%%%%%%%%%%%
%%%§ PhD (1)
%%%%%%%%%%%%%%%%%%%%%%%%%%%%%%%%%%%%%%%%%%%%%%%%%%%%

@PhdThesis{Var_phD07,
  author =		 {S. Varrette},
  title =		 {{Sécurité des Architectures de Calcul Distribué:
                  Authentification et Certification de Résultats}},
  school =		 {INP Grenoble and Université du Luxembourg},
  year =		 2007,
  month =		 {September},
  url =			 {\url{http://www-id.imag.fr/~svarrett/research.html#PhD}},
  urlps =		 {phD/phd_varrette.ps.gz},
  urlpdf =		 {phD/phd_varrette.pdf},
  note =		 {In French}
}

%%%%%%%%%%%%%%%%%%%%%%%%%%%%%%%%%%%%%%%%%%%%%%%%%%%%
%%%§ Books (2) and Book Chapters (6)
%%%%%%%%%%%%%%%%%%%%%%%%%%%%%%%%%%%%%%%%%%%%%%%%%%%%

@Book{VB_Prog_C07,
  author =		 {S. Varrette and N. Bernard},
  title =		 {Programmation avancée en C (avec exercices et corrigés)},
  publisher =	 {Hermès},
  year =		 2007,
  month =		 {Février},
  series =		 {Collection Informatique et Systèmes d'Informations},
  isbn =		 {978-2-7462-1555-9},
  url =			 {\url{http://www-id.imag.fr/~svarrett/books.html#ProgAvanceeC}},
  urlimage =	 {images/programmation_c.png},
  note =		 {416 pages}
}

@Book{DRTV_ThCode07,
  author =		 {J.-G. Dumas and J.-L. Roch and E. Tannier and S. Varrette},
  title =		 {Théorie des Codes : Compression, Cryptage et Correction},
  publisher =	 {Dunod},
  year =		 2007,
  url =          {\url{http://www-id.imag.fr/~svarrett/books.html#TheorieDesCodes}},
  urlimage =	 {images/theorie_code.jpg},
  series =		 {Collection Sciences Sup},
  isbn =		 {978-2-1005-0692-7},
  month =		 {Mars},
  note =		 {352 pages}
}

@InBook{KPP_SystRep08_Chap8,
  author =		 {C. Cérin and J.-C. Dubacq and T. Hérault and R. Keryell and
                  J.-L. Pazat and J.-L. Roch and S. Varrette},
  editor =		 {F. Kordon and L. Pautet and L. Petrucci},
  title =		 {{Systèmes répartis en action : de l'embarqué aux systèmes à
                  large échelle}},
  chapter =		 {Sécurité dans les grilles de calcul},
  publisher =	 {Hermès},
  year =		 2008,
  series =		 {IC2 Informatique et systèmes d'information},
  isbn =		 {978-2746219434},
  month =		 {Nov},
  pages =		 {153--180},
  note =		 {184 pages},
  url =
                  {\url{http://www.lavoisier.fr/fr/livres/index.asp?texte=2746219430&select=isbn}}
}

@InBook{SecMult06_Chap2,
  author =		 {P. Bouvry and J-G Dumas and R. Gillard and J-L Roch and
                  S. Varrette},
  editor =		 {T. Ebrahimi and F. Leprévost and B. Warusfel},
  title =		 {Sécurité Multimédia: Cryptographie et Sécurité Systèmes et
                  Réseaux},
  chapter =		 {Cryptographie à Clef Secrète},
  publisher =	 {Hermès},
  year =		 2006,
  volume =		 2,
  series =		 {Traités IC2 Informatique - Commande - Communication},
  month =		 {Fev},
  isbn =		 {2-7462-1260-9},
  url =
                  {\url{http://www-id.imag.fr/~svarrett/books.html#SecuriteMultimedia}},
  urlimage =	 {images/small_securite_multimedia_vol2.jpg},
}

@InBook{SecMult06_Chap3,
  author =		 {J-G Dumas and F. Leprevost and J-L Roch and V. Savin and
                  S. Varrette},
  editor =		 {T. Ebrahimi and F. Leprévost and B. Warusfel},
  title =		 {Sécurité Multimédia: Cryptographie et Sécurité Systèmes et
                  Réseaux},
  chapter =		 {Cryptographie à Clef Publique},
  publisher =	 {Hermès},
  year =		 2006,
  volume =		 2,
  series =		 {Traités IC2 Informatique - Commande - Communication},
  month =		 {Fev},
  isbn =		 {2-7462-1260-9},
  url =
                  {\url{http://www-id.imag.fr/~svarrett/books.html#SecuriteMultimedia}},
  urlimage =	 {images/small_securite_multimedia_vol2.jpg},
}

@InBook{SecMult06_Chap4,
  author =		 {J-G Dumas and F. Leprevost and J-L Roch and S. Varrette},
  editor =		 {T. Ebrahimi and F. Leprévost and B. Warusfel},
  title =		 {Sécurité Multimédia: Cryptographie et Sécurité Systèmes et
                  Réseaux},
  chapter =		 {Architectures PKI},
  publisher =	 {Hermès},
  year =		 2006,
  volume =		 2,
  series =		 {Traités IC2 Informatique - Commande - Communication},
  month =		 {Fev},
  isbn =		 {2-7462-1260-9},
  url =
                  {\url{http://www-id.imag.fr/~svarrett/books.html#SecuriteMultimedia}},
  urlimage =	 {images/small_securite_multimedia_vol2.jpg},
}

@InBook{SecMult06_Chap5,
  author =		 {N. Bernard and Y. Denneulin and S. Varrette},
  editor =		 {T. Ebrahimi and F. Leprévost and B. Warusfel},
  title =		 {Sécurité Multimédia: Cryptographie et Sécurité Systèmes et
                  Réseaux},
  chapter =		 {Sécurite UNIX},
  publisher =	 {Hermès},
  year =		 2006,
  volume =		 2,
  series =		 {Traités IC2 Informatique - Commande - Communication},
  month =		 {Fev},
  isbn =		 {2-7462-1260-9},
  url =
                  {\url{http://www-id.imag.fr/~svarrett/books.html#SecuriteMultimedia}},
  urlimage =	 {images/small_securite_multimedia_vol2.jpg},
}

@InBook{SecMult06_Chap6,
  author =		 {N. Bernard and Y. Denneulin and S. Varrette},
  editor =		 {T. Ebrahimi and F. Leprévost and B. Warusfel},
  title =		 {Sécurité Multimédia: Cryptographie et Sécurité Systèmes et
                  Réseaux},
  chapter =		 {Sécurité Réseau},
  publisher =	 {Hermès},
  year =		 2006,
  volume =		 2,
  series =		 {Traités IC2 Informatique - Commande - Communication},
  month =		 {Fev},
  isbn =		 {2-7462-1260-9},
  url =
                  {\url{http://www-id.imag.fr/~svarrett/books.html#SecuriteMultimedia}},
  urlimage =	 {images/small_securite_multimedia_vol2.jpg},
}

%%%%%%%%%%%%%%%%%%%%%%%%%%%%%%%%%%%
%%%§ International journals (1)
%%%%%%%%%%%%%%%%%%%%%%%%%%%%%%%%%%%

@Article{LMVV_ES05,
  author =		 {F. Leprevost and J. Monnerat and S. Varrette and S. Vaudenay},
  title =		 {Generating Anomalous Elliptic Curves},
  journal =		 {Information Processing Letters},
  month =		 {March},
  year =		 2005,
  publisher =	 {Elsevier Science},
  volume =		 93,
  number =		 5,
  pages =		 {225--230},
  url =
                  {\url{http://www.informatik.uni-trier.de/~ley/db/journals/ipl/ipl93.html}}
}

%%%%%%%%%%%%%%%%%%%%%%%%%%%%%%%%%%%%%%%%%%%%%%%%%%%%%%%%%%%%%%%%
%%%§ International conferences with proceedings and reviews (16)
%%%%%%%%%%%%%%%%%%%%%%%%%%%%%%%%%%%%%%%%%%%%%%%%%%%%%%%%%%%%%%%%

@InProceedings{BVP_CLOUD11,
  author =		 {B. Bertholon and S. Varrette and P. Bouvry},
  title =		 {{CertiCloud: a Novel TPM-based Approach to Ensure Cloud IaaS
                  Security}},
  booktitle =	 {Proc. of the 4th IEEE Intl. conference on Cloud Computing
                  (CLOUD 2011)},
  year =		 2011,
  address =		 {Washington DC, USA},
  month =		 {July},
  publisher =	 {IEEE},
  url =			 {\url{http://www.thecloudcomputing.org/2011/}},
  note =		 {Submitted, acceptance decision pending.},
}

@InProceedings{VTB_NIDISC11,
  author =		 {S. Varrette and E. Tantar and P. Bouvry},
  title =		 {{On the Resilience of [distributed] Evolutionary Algorithms
                  against Cheaters in Global Computing Platforms}},
  booktitle =	 {Proc. of the 14th International Workshop on Nature Inspired
                  Distributed Computing (NIDISC 2011), part of the 25th IEEE/ACM
                  Intl. Parallel and Distributed Processing Symposium (IPDPS
                  2011)},
  year =		 2011,
  month =		 {May},
  address =		 {Anchorage (Alaska), USA},
}

@inProceedings{PVB_META10,
  author =		 {J. Pecero and S. Varrette and P. Bouvry},
  title =		 {Scheduling DAG applications on multi-core processor packages
                  architectures},
  booktitle =	 {Proc. of the Int. Conf. on Metaheuristics and Nature Inspired
                  Computing (META'10)},
  year =		 2010,
  url =			 {\url{}},
}

@InProceedings{DVB_PPAM09,
  author =		 {D. Dunlop and S. Varrette and P. Bouvry},
  title =		 {{Deskilling HPL - Using an Evolutionary Algorithm to Automate
                  Cluster Benchmarking}},
  booktitle =	 {Proc. of 8th Intl. conf. on Parallel Processing and Applied
                  Mathematics (PPAM 2009) },
  year =		 2009,
  series =		 {LNCS},
  address =		 {Wroclaw, Polan},
  month =		 {Sept},
  publisher =	 {Springer Verlag},
  url =			 {\url{http://www.ppam.pl/}}
}

@InProceedings{BPVB_PARENG09,
  author =		 {G. Berhe and B. Peters and S. Varrette and P. Bouvry},
  title =		 {Parallel Implementation of Domain Decomposition Algorithm for
                  Molecular Dynamics},
  booktitle =	 {Proc. of the CCP 1st International Conference on Parallel,
                  Distributed and Grid Computing for Engineering (PARENG 2009)},
  year =		 2009,
  address =		 {Pécs, Hungary},
  month =		 {April},
  volume =		 {CCP.90},
  number =		 8,
  publisher =	 {Civil-Comp Press},
  isbn =		 {978-1-905088-29-4},
  url =			 {\url{http://www.civil-comp.com/conf/pareng2009.htm}},
  urlpdf =		 {download/publis/pareng2009.pdf},
  doi =			 {http://dx.doi.org/10.4203/ccp.90.8},
}

@InProceedings{GGPV_PDP09,
  author =		 {S. Guelton and T. Gautier and J.-L. Pazat and S. Varrette},
  title =		 {{Dynamic Adaptation Applied to Sabotage Tolerance}},
  booktitle =	 {Proc. of the IEEE 17th Euromicro International Conference on
                  Parallel, Distributed, and Network-Based Processing (PDP
                  2009)},
  year =		 2009,
  address =		 {Weimar, Germany},
  month =		 {Feb},
  pages =		 {237--244},
  publisher =	 {IEEE Computer Society},
  url =			 {\url{http://www.pdp2009.org}},
  urlpdf =		 {download/publis/pdp2009.pdf},
  isbn =		 {978-0-7695-3544-9},
  doi =			 {http://dx.doi.org/10.1109/PDP.2009.19},
}

@InProceedings{VOB_META08,
  author =		 {S. Varrette and M. Ostaszewski and P. Bouvry},
  title =		 {{Nature inspired Algorithm-Based Fault Tolerance on Global
                  Computing Platforms.  Application to Symbolic Regression}},
  booktitle =	 {Proc. of the Int. Conf. on Metaheuristics and Nature Inspired
                  Computing (META'08)},
  year =		 2008,
  month =		 {Oct},
  address =		 {Hammamet, Tunisia},
  url =			 {\url{http://www2.lifl.fr/META08/}},
  urlpdf =		 {download/publis/meta2008.pdf},
}

@InProceedings{VRDK_SGS08,
  author =		 {S. Varrette and J.-L. Roch and G. Duc and R. Keryell},
  title =		 {{Building Secure Resources to Ensure Safe Computations in
                  Distributed and Potentially Corrupted Environments}},
  booktitle =	 {Proc. of Euro-Par 2008, Workshop on Secure, Trusted,
                  Manageable and Controllable Grid Services (SGS'08)},
  series =		 {LNCS},
  volume =		 5415,
  year =		 2008,
  address =		 {Las Palmas de Gran Canaria, Spain},
  month =		 {August},
  pages =		 {211-222},
  publisher =	 {Springer Verlag},
  isbn =		 {978-3-642-00954-9},
  url =			 {\url{http://www-lipn.univ-paris13.fr/~cerin/SGS.html}},
  doi =			 {http://dx.doi.org/10.1007/978-3-642-00955-6},
  urlpdf =		 {download/publis/sgs2008.pdf},
}

@InProceedings{DVB_SPECTS08,
  author =		 {D. Dunlop and S. Varrette and P. Bouvry.},
  title =		 {{On the Use of a Genetic Algorithm in High Performance
                  Computer Benchmark Tuning}},
  booktitle =	 {Proc. of the IEEE Int. Symposium on Performance Evaluation of
                  Computer and Telecommunication Systems (SPECTS'08)},
  isbn =		 {978-1-56555-320-0},
  pages =		 {105--113},
  year =		 2008,
  address =		 {Edinburgh, UK},
  month =		 {June},
  publisher =	 {IEEE Xplore},
  urlpdf =		 {download/publis/spects2008.pdf},
  url =			 {\url{http://atc.udg.edu/SPECTS2008/}},
  doi =			 {http://ieeexplore.ieee.org/servlet/opac?punumber=4659193},
}

@InProceedings{RV_Pasco07,
  author =		 {J.-L. Roch and S. Varrette},
  title =		 {{Probabilistic Certification of Divide \& Conquer Algorithms
                  on Global Computing Platforms.  Application to Fault-Tolerant
                  Exact Matrix-Vector Product}},
  booktitle =	 {Proc. of the ACM Int. Workshop on Parallel Symbolic
                  Computation'07 (PASCO'07)},
  year =		 2007,
  address =		 {London, Ontario, Canada},
  month =		 {July},
  publisher =	 {ACM},
  isbn =		 {978-1-59593-741-4},
  pages =		 {88--92},
  urlpdf =		 {download/publis/pasco2007.pdf},
  url =			 {\url{http://www.orcca.on.ca/conferences/pasco2007/}},
}

@InProceedings{VRMSPL_Hps06,
  author =		 {S. Varrette and J.-L. Roch and J. Montagnat and L. Seitz and
                  J.-M. Pierson and F. Leprévost},
  title =		 {{Safe Distributed Architecture for Image-based Computer
                  Assisted Diagnosis}},
  booktitle =	 {Proc. of the IEEE Int. Conf. on Pervasive Services, Workshop
                  on Health Pervasive Systems (HPS'06)},
  year =		 2006,
  month =		 {June},
  address =		 {Lyon, France},
  publisher =	 {IEEE Computer Society},
  isbn =		 {1-4244-0237-9},
  doi =
                  {http://doi.ieeecomputersociety.org/10.1109/PERSER.2006.1652198},
  url =			 {\url{http://liris.cnrs.fr/hps06/}},
  urlps =		 {download/publis/hps06.ps.gz},
  urlpdf =		 {download/publis/hps06.pdf},
}

@InProceedings{VGMRL_Gada05,
  author =		 {S. Varrette and S. Georget and J. Montagnat and J.-L. Roch and
                  F. Leprevost},
  title =		 {{Distributed Authentication in GRID5000}},
  booktitle =	 {Proc. of OTM Confederated Int. Workshops on Grid Computing and
                  its Application to Data Analysis (GADA'05)},
  year =		 2005,
  month =		 {November 1},
  series =		 {LNCS},
  volume =		 3762,
  isbn =		 {978-3-540-29739-0},
  pages =		 {314--326},
  publisher =	 {Springer Verlag},
  address =		 {Agia Napa, Cyprus},
  url =			 {\url{http://www.cs.rmit.edu.au/fedconf/gada2005cfp.html}},
  doi =			 {http://dx.doi.org/10.1007/11575863},
  urlps =		 {download/publis/gada2005.ps.gz},
  urlpdf =		 {download/publis/gada2005.pdf},
}

@InProceedings{DBV_Icsit05,
  author =		 {N. Dagorn and N. Bernard and S. Varrette},
  title =		 {{Practical Authentication in Distributed Environments}},
  booktitle =	 {Proc. of the IEEE Int. Computer Systems and Information
                  Technology Conference (ICSIT'05)},
  year =		 2005,
  volume =		 1,
  address =		 {Sheraton Hotel -- Alger},
  month =		 {July 19--21},
  url =			 {\url{http://www.icsit.org/}},
  urlps =		 {download/publis/icsit_2005.ps.gz},
  urlpdf =		 {download/publis/icsit_2005.pdf},
}

@InProceedings{KRJV_EGC05,
  author =		 {A.Krings and J.-L. Roch and S. Jafar and S. Varrette},
  title =		 {{A Probabilistic Approach for Task and Result Certification of
                  Large-scale Distributed Applications in Hostile Environments}},
  booktitle =	 {Proc. of the European Grid Conference (EGC2005)},
  year =		 2005,
  month =		 {February 14--16},
  publisher =	 {Springer Verlag},
  series =		 {LNCS},
  volume =		 3470,
  pages =		 {323--333},
  address =		 {Amsterdam, Netherlands},
  url =			 {\url{http://genias.biz/egc2005/}},
  urlpdf =		 {download/publis/egc2005.pdf},
  isbn =		 {978-3-540-26918-2},
  doi =			 {http://dx.doi.org/10.1007/b137919},
}

@InProceedings{VRL_SBAC04,
  author =		 {S. Varrette and J.-L. Roch and F. Leprevost},
  title =		 {{FlowCert : Probabilistic Certification for Peer-to-Peer
                  Computations}},
  booktitle =	 {Proc. of the 16th Symposium on Computer Architecture and High
                  Performance Computing (SBAC-PAD 2004)},
  pages =		 {108--115},
  year =		 2004,
  publisher =	 {IEEE Computer Society},
  address =		 {Foz do Iguaçu, Brazil},
  month =		 {October},
  url =			 {\url{http://www.sbc.org.br/sbac/2004/}},
  urlps =		 {download/publis/sbac-pad2004.ps.gz},
  urlpdf =		 {download/publis/sbac-pad2004.pdf},
  doi =			 {http://doi.ieeecomputersociety.org/10.1109/CAHPC.2004.17},
  isbn =		 {0-7695-2240-8},
}

@InProceedings{JVR_DEXA04,
  author =		 {S. Jafar and S. Varrette and J.-L. Roch},
  title =		 {{Using Data-Flow Analysis for Resilence and Result Checking in
                  Peer to Peer Computations}},
  booktitle =	 {Proc. of the 1th Int. Workshop on Grid and Peer-to-Peer
                  Computing Impacts on Large Scale Heterogeneous Distributed
                  Database Systems (GLOBE'04)},
  year =		 2004,
  month =		 {September},
  publisher =	 {IEEE Computer Society},
  pages =		 {512--516},
  address =		 {Zaragoza, Spain},
  url =			 {\url{http://www.irit.fr/globe2004/}},
  urlps =		 {download/publis/globe2004.ps.gz},
  urlpdf =		 {download/publis/globe2004.pdf},
  doi =			 {http://dx.doi.org/10.1109/DEXA.2004.171},
  issn =		 {1529-4188},
}

%%%%%%%%%%%%%%%%%%%%%%%%%%%%%%%%%%%%%%%%%%%%%%%%%%%%%%%%%%%%%%%%%%
%%%§ French national conferences with proceedings and reviews (4)
%%%%%%%%%%%%%%%%%%%%%%%%%%%%%%%%%%%%%%%%%%%%%%%%%%%%%%%%%%%%%%%%%%

@InProceedings{BVB_Renpar11,
  type =		 {national},
  author =		 {B. Bertholon and S. Varrette and P. Bouvry},
  title =		 {CertiCloud: une plate-forme Cloud IaaS sécurisée},
  booktitle =	 {Proc. des 20ème rencontres francophones du parallélisme
                  (RenPar'20)},
  year =		 2011,
  address =		 {St Malo, France},
  month =		 {mai},
  url =			 {\url{http://renpar.irisa.fr/}},
  note =		 {Submitted, acceptance decision pending.},
}

@InProceedings{GV_Renpar09,
  type =		 {national},
  author =		 {S. Guelton and S. Varrette},
  title =		 {Une approche génétique et source à source de l'optimisation de
                  code},
  booktitle =	 {Proc. des 19ème rencontres francophones du parallélisme
                  (RenPar'19)},
  year =		 2009,
  address =		 {Toulouse, France},
  month =		 {September},
  url =			 {\url{http://www.irit.fr/Toulouse2009/}},
}

@InProceedings{VGRL_Renpar05,
  type =		 {national},
  author =		 {S. Varrette and S. Georget and J.-L. Roch and F. Leprevost},
  title =		 {{Authentification Distribuée sur Grille de Grappes basée sur
                  LDAP}},
  booktitle =	 {Proc. des 16èmes rencontres francophones du parallélisme
                  (RenPar'16)},
  year =		 2005,
  address =		 {Le Croisic, France},
  month =		 {April 6--8},
  url =			 {http://www.emn.fr/x-info/renpar2005/},
  urlps =		 {download/publis/renpar-ldap-2005.ps.gz},
  urlpdf =		 {download/publis/renpar-ldap-2005.pdf},
  organization = {ASF - Ecole des Mines de Nantes},
}

@InProceedings{VR_Renpar03,
  type =		 {national},
  author =		 {S. Varrette and J.-L. Roch},
  title =		 {{Certification logicielle de Calcul Global avec dépendances
                  sur grille}},
  booktitle =	 {Proc. des 15èmes rencontres francophones du parallélisme
                  (RenPar'15)},
  pages =		 {169--176},
  year =		 2003,
  address =		 {La-Colle-Sur-Loup, France},
  month =		 {15--17 October},
  url =			 {http://www-sop.inria.fr/oasis/renpar15/},
  urlps =		 {download/publis/renpar2003_Varrette_Roch.ps.gz},
  urlpdf =		 {download/publis/renpar2003_Varrette_Roch.pdf},
}

%%%%%%%%%%%%%%%%%%%%%%%%%%%%%%%%%%%%%%%%%%%%%%%%%%%%%%%%%%%%%%%%
%%%§ International conferences with proceedings (1)
%%%%%%%%%%%%%%%%%%%%%%%%%%%%%%%%%%%%%%%%%%%%%%%%%%%%%%%%%%%%%%%%

@InProceedings{VRDL_CRIS04,
  type =		 {noreview},
  author =		 {S. Varrette and J.-L. Roch and Y. Denneulin and F. Leprevost},
  title =		 {{Secure Architecture for Clusters and Grids}},
  booktitle =	 {Proc. of the 2nd Int. Conf. on Critical Infrastructures (CRIS
                  2004)},
  year =		 2004,
  publisher =	 {IEEE},
  address =		 {Grenoble, France},
  month =		 {October},
  url =			 {\url{http://www.leg.ensieg.inpg.fr/cris2004/}},
  urlps =		 {download/publis/cris2004.ps.gz},
  urlpdf =		 {download/publis/cris2004.pdf},
  documenturl =	 {download/publis/synopsis_cris2004.pdf},
}

%%%%%%%%%%%%%%%%%%%%%%%%%%%%%%%%%%%%%%%%%%%%%%%%%%%%%%%%%%%%%%%%
%%%§ International conferences with reviews (4)
%%%%%%%%%%%%%%%%%%%%%%%%%%%%%%%%%%%%%%%%%%%%%%%%%%%%%%%%%%%%%%%%

@InProceedings{VBB_ReTrust09,
  type =		 {noproceedings},
  author =		 {S. Varrette and B. Bertholon and P. Bouvry},
  title =		 {{A Signature Scheme for Distributed Executions based on
                  Macro-Dataflow Analysis}},
  booktitle =	 {2nd Int. Workshop on Remote Entrusting (Re-Trust 2009)},
  year =		 2009,
  address =		 {Riva del Garda, Italy},
  month =		 {Sept},
  url =			 {\url{http://re-trust.dit.unitn.it/}},
}

@InProceedings{VRK_ReTrust08,
  type =		 {noproceedings},
  author =		 {S. Varrette and J.-L. Roch and A. Krings},
  title =		 {{Result Certification Against Massive Attacks in Distributed
                  Computations}},
  booktitle =	 {1th Int. Workshop on Remote Entrusting (Re-Trust 2008)},
  year =		 2008,
  address =		 {Trento, Italy},
  month =		 {Oct},
  url =			 {\url{http://re-trust.dit.unitn.it/}},
}

@InProceedings{Var_CRM07,
  type =		 {noproceedings},
  author =		 {S. Varrette},
  title =		 {{Security of Global Computing Platforms: Authentication and
                  Computed Results Integrity}},
  booktitle =	 {Conference on Cryptology and Digital Content Security (CRM
                  07)},
  year =		 2007,
  address =		 {Barcelona, Spain},
  month =		 {may},
  url =			 {\url{http://www.crm.cat/Cryptology/}},
}

@InProceedings{VRL_WTS06,
  type =		 {noproceedings},
  author =		 {S. Varrette and J.-L. Roch and F. Leprévost},
  title =		 {Applicative Solutions for Safe Computations in Distributed
                  Environments},
  booktitle =	 {Workshop "Trustworthy Software"},
  year =		 2006,
  address =		 {Saarbrücken, Germany},
  month =		 {May},
  publisher =	 {Dagstuhl Research Online Publication Server (DROPS)},
  note =		 {Version electronique uniquement},
  url =          {\url{http://www.ags.uni-sb.de/~serge/Workshops/TrustworthySoftware/}},
}

%%%%%%%%%%%%%%%%%%%%%%%%%%%%%%%%%%%%%%%%%%%%%%%%%%%%%%%%%%%%%%%%%%
%%%§ Master Thesis (1)
%%%%%%%%%%%%%%%%%%%%%%%%%%%%%%%%%%%%%%%%%%%%%%%%%%%%%%%%%%%%%%%%%%

@MastersThesis{Var_PFE03,
  author =		 {S. Varrette},
  title =		 {{Sécurisation de calculs pairs à pairs sur une grille de
                  grappes}},
  school =		 {ENSIMAG},
  type =		 {{Rapport de Projet de Fin d'Etude}},
  year =		 2003,
  address =		 {Laboratoire ID-IMAG UMR CNRS/INPG/INRIA/UJF 5132},
  month =		 {June},
  note =		 {In french},
  urlps =		 {download/rapport_pfe.ps.gz}
}

%%%%%%%%%%%%%%%%%%%%%%%%%%%%%%%%%%%%%%%%%%%%%%%%%%%%%%%%%%%%%%%%%%
%%%§ Other misc publications (1 magazine + 8 technical reports)
%%%%%%%%%%%%%%%%%%%%%%%%%%%%%%%%%%%%%%%%%%%%%%%%%%%%%%%%%%%%%%%%%%

@InCollection{VG_AAE06,
  author =		 {S. Varrette and S. Gautier},
  title =		 {{Cryptographie et Signatures Eléctoniques}},
  booktitle =	 {I-mag -- Magazine de l'AAE ENSIMAG},
  pages =		 {12--19},
  publisher =	 {Association des anciens élèves de l'ENSIMAG},
  year =		 2006,
  number =		 37,
  series =		 {{Numéro spécial : La sécurité des systèmes d'information
                  numérique}},
  month =		 {may},
  url =			 {\url{http://actu.aae-ensimag.com/fr/index/revue.html}}
}

@TechReport{Var_SN05,
  author =		 {S. Varrette},
  title =		 {Introduction aux réseaux de tri tolérants aux fautes},
  institution =	 {Laboratoire ID-IMAG},
  year =		 2005,
  month =		 {Août},
  urlps =		 {download/polys/FT_sorting_networks.ps.gz},
  urlpdf =		 {download/polys/FT_sorting_networks.pdf},
  note =		 {Draft version}
}

@TechReport{Var_UrT09,
  author =		 {S. Varrette},
  title =		 {{Urban Terror [Server] Guide}},
  year =		 2009,
  urlpdf =		 {download/polys/urt_setup.pdf},
}

@TechReport{Var_AES05,
  author =		 {Sébastien Varrette},
  title =		 {{Programmation de l'algorithme A.E.S. (Advanced Encryption
                  Standard)}},
  institution =	 {University of Luxembourg},
  year =		 2005,
  urlps =		 {download/teaching/crypto/enonce_Projet_AES.ps.gz},
  urlps =		 {download/teaching/crypto/enonce_Projet_AES.pdf}
}

@TechReport{Var_DES05,
  author =		 {S. Varrette},
  title =		 {{Programmation de l'algorithme D.E.S. (Data Encryption
                  Standard)}},
  institution =	 {University of Luxembourg},
  year =		 2005,
  urlps =		 {download/teaching/crypto/enonce_Projet_DES.ps.gz},
  urlps =		 {download/teaching/crypto/enonce_Projet_DES.pdf}
}

@TechReport{Var_Latex05,
  author =		 {S. Varrette},
  title =		 {{Tutorial LaTeX - Comprendre et écrire un document en LaTeX}},
  institution =	 {Laboratoire ID-IMAG},
  year =		 2005,
  month =		 {Mai},
  note =		 {Version 0.3},
  urlps =		 {download/polys/Tutorial_Latex.ps.gz},
  urlpdf =		 {download/polys/Tutorial_Latex.pdf}
}

@TechReport{Var_Smart05,
  author =		 {S. Varrette},
  title =		 {Tutorial d'installation d'un lecteur de cartes à puce USB sous
                  Linux},
  institution =	 {Laboratoire ID-IMAG/Université du Luxembourg},
  year =		 2005,
  month =		 {Juin},
  note =		 {Version 0.1 - a compléter},
  urlps =		 {download/polys/tutorial_SmartCards.ps.gz},
  urlpdf =		 {download/polys/tutorial_SmartCards.pdf}
}

@TechReport{Var_LDAP05,
  author =		 {S. Varrette},
  title =		 {{Tutorial OpenLDAP: Installation et configuration, Migration
                  NIS $\rightarrow$ LDAP dans GRID5000, Sécurisation par SSL et
                  optimisations}},
  institution =	 {Laboratoire ID-IMAG},
  year =		 2005,
  month =		 {Septembre},
  urlps =		 {download/polys/Tutorial_LDAP.ps.gz},
  urlpdf =		 {download/polys/Tutorial_LDAP.pdf}
}

@TechReport{Var_Debian05,
  author =		 {S. Varrette},
  title =		 {Tutorial d'installation de la distribution Debian},
  institution =	 {Laboratoire ID-IMAG},
  year =		 2005,
  month =		 {Septembre},
  note =		 {Extrait d'un TP proposé en Master 2 CSCI},
  urlps =		 {enseignements/2005-2006/installDebian.ps.gz},
  urlpdf =		 {enseignements/2005-2006/installDebian.pdf}
}

%=======================================================================
% eof
%
% Local Variables: 
% mode: bibtex
% End: 
