%=======================================================================
% biblio-varrette.bib -- my personnal BibTeX entries
%
% Copyright (c) 2004-2011 Sebastien Varrette <Sebastien.Varrette@uni.lu>
%               http://varrette.gforge.uni.lu
%
%  ____  _ _     _ _         ______     __                  _   _       
% | __ )(_) |__ | (_) ___   / ___\ \   / /_ _ _ __ _ __ ___| |_| |_ ___ 
% |  _ \| | '_ \| | |/ _ \  \___ \\ \ / / _` | '__| '__/ _ \ __| __/ _ \
% | |_) | | |_) | | | (_) |  ___) |\ V / (_| | |  | | |  __/ |_| ||  __/
% |____/|_|_.__/|_|_|\___/  |____(_)\_/ \__,_|_|  |_|  \___|\__|\__\___|
%
% More information on BibTeX: http://www.bibtex.org/
%=======================================================================

%%%%%%%%%%%%%%%%%%%%%%%%%%%%%%%%%%%%%%%%%%%%%%%%%%%%
%%%ยง Books / and Book Chapters 
%%%%%%%%%%%%%%%%%%%%%%%%%%%%%%%%%%%%%%%%%%%%%%%%%%%%

@Book{DRTV_FoundationCoding15,
  author =       {J.-G. Dumas and J.-L. Roch and E. Tannier and S. Varrette},
  title =        {{Foundations of Coding: Compression, Encryption, Error-Correction}},
  publisher =    {Wiley \& Sons},
  year =         {2015},
  month =        {Feb},
  isbn =         {978-1-118-88144-6},
  url =          {\url{http://eu.wiley.com/WileyCDA/WileyTitle/productCd-1118881443.html}},
  note =         {376 pages},
}

%%%%%%%%%%%%%%%%%%%%%%%%%%%%%%%%%%%
%%%ยง International journals
%%%%%%%%%%%%%%%%%%%%%%%%%%%%%%%%%%%
@Article{GVPPB_CCPE14,
  author =       {M. Guzek and S. Varrette and V. Plugaru and J. E. Pecero and P. Bouvry},
  title =        {{A Holistic Model of the Performance and the Energy-Efficiency of Hypervisors in an HPC Environment}},
  journal =      {Intl. J. on Concurrency and Computation: Practice and Experience (CCPE)},
  year =         {2014},
  publisher =    {Wiley \& Sons},
  volume =       {26},
  number =       {15},
  pages =        {2569--2590},
  month =        {Oct.},
  doi =          {10.1002/cpe.3316},
  url =          {\url{http://www.cc-pe.net/journalinfo/}},
  annote =       {IF: 0.845}
}

@Article{MVBSK_CAMWA12,
  author =       {J. Muszy\'nski and  S. Varrette and P. Bouvry and F. Seredy\'nski and S. U. Khan},
  title =        {{Convergence Analysis of Evolutionary Algorithms in the Presence of Crash-Faults and Cheaters}},
  journal =      {Intl. Journal. of Computers and Mathematics with Applications (CAMWA)},
  year =         {2012},
  issn =         {0898-1221},
  doi =          {10.1016/j.camwa.2012.03.004},
  url =          {\url{http://www.sciencedirect.com/science/article/pii/S089812211200209X}},
  volume =       {64},
  number =       {12},
  pages =        {3805--3819},
  month =        {Dec},
}

%%%%%%%%%%%%%%%%%%%%%%%%%%%%%%%%%%%%%%%%%%%%%%%%%%%%%%%%%%%%%%%%
%%%ยง International conferences with proceedings and reviews 
%%%%%%%%%%%%%%%%%%%%%%%%%%%%%%%%%%%%%%%%%%%%%%%%%%%%%%%%%%%%%%%%
@InProceedings{PVB_CloudCom14,
  author = 		 {V. Plugaru and S. Varrette and P. Bouvry},
  title = 		 {{Performance Analysis of Cloud Environments on Top of Energy-Efficient Platforms Featuring Low Power Processors}},
  booktitle =    {Proc. of the 6th IEEE Intl. Conf. on Cloud Computing Technology and Science (CloudCom'14)},
  year = 	     {2014},
  OPTeditor = 	 {},
  OPTvolume = 	 {},
  OPTnumber = 	 {},
  OPTseries = 	 {},
  OPTpages = 	 {},
  month =    	 {Dec. 15--18},
  address = 	 {Singapore},
  publisher =    {IEEE Computer Society},
  OPTnote = 	 {Acceptance rate: 54/301 = 0,179 \%},
  OPTannote = 	 {}
}

@InProceedings{MVJB_NSS14,
  author =       {J. Muszy\'nski and S. Varrette and J.L. Jim\'enez Laredo and P. Bouvry}, 
  title =        {{Exploiting the Hard-wired Vulnerabilities of Newscast via Connectivity-splitting Attack}},
  booktitle =    {Proc. of the IEEE Intl. Conf. on Network and System Security (NSS 2014)},
  year =         {2014},
  publisher =    {Springer Verlag},
  series =       {LNCS},
  volume =       {8792},
  pages =        {152--165},
  month =        {Oct},
  address =      {Xi'an, China},
  note =         {\textbf{Best Student Paper Award}},
  OPTannote =    {}
}



@InProceedings{VBCG_HPCS14,
  author =       {S. Varrette and P. Bouvry and H. Cartiaux and F. Georgatos},
  title =        {{Management of an Academic HPC Cluster: The UL Experience}},
  booktitle =    {Proc. of the 2014 Intl. Conf. on High Performance Computing \& Simulation (HPCS 2014)},
  year =         {2014},
  OPTpages =     {},
  month =        {July},
  address =      {Bologna, Italy},
  publisher =    {IEEE},
  OPTnote =      {},
  OPTannote =    {}
}

@InProceedings{MVB_CEC2013,
  author =       {J. Muszynski and S. Varrette and P. Bouvry},
  title =        {{Expected Running Time of Parallel Evolutionary Algorithms on Unimodal Pseudo-Boolean Functions over Small-World Networks}},
  booktitle =    {Proc. of the IEEE Congress on Evolutionary Computation (CEC'2013)},
  year =         {2013},
  month =        {June},
  address =      {Canc\'un, Mexico},
  publisher =    {IEEE},
  OPTnote =      {},
  OPTannote =    {}
}

@InProceedings{BVP_CLOUD11,
  author =		 {B. Bertholon and S. Varrette and P. Bouvry},
  title =		 {{CertiCloud: a Novel TPM-based Approach to Ensure Cloud IaaS Security}},
  booktitle =	 {Proc. of the 4th IEEE Intl. Conf. on Cloud Computing (CLOUD 2011)},
  year =		 {2011},
  month =		 {July 4--9},
  address =		 {Washington DC, USA},
  publisher =	 {IEEE Computer Society},
  OPTpages =     {},
  url =			 {\url{http://www.thecloudcomputing.org/2011/}},
  OPTisbn =		 {},
  OPTdoi =	     {},
  OPTurlpdf =	 {download/publis/cloud2011.pdf},
  OPTnote =		 {Acceptance Rate: 18\% (36/196)},
}

@InProceedings{DVB_PPAM09,
  author =		 {D. Dunlop and S. Varrette and P. Bouvry},
  title =		 {{Deskilling HPL - Using an Evolutionary Algorithm to Automate
                  Cluster Benchmarking}},
  booktitle =	 {Proc. of 8th Intl. Conf. on Parallel Processing and Applied
                  Mathematics - Part II (PPAM 2009)},
  month =		 {Sept. 13--16},
  year =		 {2009},
  series =		 {LNCS},
  volume =		 {6068},
  publisher =	 {Springer Verlag},
  pages =        {102--114},
  address =		 {Wroclaw, Poland},
  isbn =         {978-3-642-14402-8},
  url =			 {\url{http://www.ppam.pl/2009/}},
  doi =          {http://dx.doi.org/10.1007/978-3-642-14403-5},
  note =         {Publication appeared in 2010},
  urlpdf =		 {download/publis/ppam2009.pdf},
}


@InProceedings{RV_Pasco07,
  author =		 {J.-L. Roch and S. Varrette},
  title =		 {{Probabilistic Certification of Divide \& Conquer Algorithms
                  on Global Computing Platforms.  Application to Fault-Tolerant
                  Exact Matrix-Vector Product}},
  booktitle =	 {Proc. of the ACM Intl. Workshop on Parallel Symbolic
                  Computation'07 (PASCO'07)},
  year =		 {2007},
  month =		 {July 27--28},
  address =		 {London, Ontario, Canada},
  publisher =	 {ACM},
  pages =		 {88--92},
  url =			 {\url{http://www.orcca.on.ca/conferences/pasco2007/}},
  isbn =		 {978-1-59593-741-4},
  doi =          {http://doi.acm.org/10.1145/1278177.1278191},
  urlpdf =		 {download/publis/pasco2007.pdf},
}


%=======================================================================
% eof
%
% Local Variables: 
% mode: bibtex
% End: 
